<?xml version="1.0" encoding="UTF-8"?><collection xmlns="http://www.loc.gov/MARC21/slim"><record><leader>00385nam--2200145-i-4500</leader><controlfield tag="001">000019969</controlfield><controlfield tag="002">20161230</controlfield><controlfield tag="005">20161230201033</controlfield><controlfield tag="008">060222s1000------------r-----000-0-eng-d</controlfield><datafield ind1=" " ind2=" " tag="080"><subfield code="a">53(082.1</subfield></datafield><datafield ind1=" " ind2=" " tag="100"><subfield code="a">Emrich, R.J</subfield></datafield><datafield ind1=" " ind2=" " tag="245"><subfield code="a">Fluid dymanics</subfield></datafield><datafield ind1=" " ind2=" " tag="260"><subfield code="a">New York, Academic Press, 1981. Xx + 403p. + 20 P</subfield></datafield><datafield ind1=" " ind2=" " tag="490"><subfield code="a">Methods Of Experimental Physics.Part A, Part.B</subfield></datafield><datafield ind1=" " ind2=" " tag="852"><subfield code="a">532.5)</subfield></datafield></record></collection>